%----------------------------------------------------------------------------------------
%	REFERENCES.
%----------------------------------------------------------------------------------------
%   Examples:                   https://verbosus.com/bibtex-style-examples.html
%   Required/ optional fields:  https://en.wikibooks.org/wiki/LaTeX/Bibliography_Management

@misc{wikiQ4,
	author       = {Wikipedia}, 
    title        = {Dew point temperature},
    month        = 2,
    year         = 2019,
    note         = {\url{https://en.wikipedia.org/wiki/Dew_point}}
}

@book{wikiQ5,
	editor		 = {{Geneva: Secretariat of the World Meteorological Organization}},
    title        = {{International Meteorological Vocabulary}},
    month        = 2,
    year         = 1992,
    note         = {ISBN 92-63-02182-1}
}
